<collection xmlns="http://www.loc.gov/MARC21/slim">
<record>
  <leader>01607nam0a22003131i 450 </leader>
  <controlfield tag="001">IT\ICCU\CNCE\055220</controlfield>
  <controlfield tag="005">20100609000000.0</controlfield>
  <datafield tag="012" ind1=" " ind2=" ">
    <subfield code="a">o.ce e.re o.de chne (C) 1517 (R)</subfield>
    <subfield code="2">fei</subfield>
  </datafield>
  <datafield tag="100" ind1=" " ind2=" ">
    <subfield code="a">20040109d1517        0itac0103    ba</subfield>
  </datafield>
  <datafield tag="101" ind1=" " ind2=" ">
    <subfield code="a">ITA</subfield>
  </datafield>
  <datafield tag="102" ind1=" " ind2=" ">
    <subfield code="a">IT</subfield>
  </datafield>
  <datafield tag="200" ind1="1" ind2=" ">
    <subfield code="a">Opera nouamente composta del disprezamento del mondo in terza rima, &amp; hystoriata. Partita in capituli xxxii &amp; uno ternale della nostra dona della Seraphina, &amp; una aue Maria disposta</subfield>
  </datafield>
  <datafield tag="210" ind1=" " ind2=" ">
    <subfield code="e">Sampata \!! in Venetia</subfield>
    <subfield code="g">per Georgio de Rusconi milanese</subfield>
    <subfield code="g">ad instantia de Nicolo Zopino &amp; Vicenzo compagni</subfield>
    <subfield code="h">nel 1517 adi V de magio</subfield>
  </datafield>
  <datafield tag="215" ind1=" " ind2=" ">
    <subfield code="a">\36! c.</subfield>
    <subfield code="c">ill.</subfield>
    <subfield code="d">8ʻ</subfield>
  </datafield>
  <datafield tag="300" ind1=" " ind2=" ">
    <subfield code="a">L&apos;autore si ricava dalla prefazione</subfield>
  </datafield>
  <datafield tag="620" ind1=" " ind2=" ">
    <subfield code="a">IT</subfield>
    <subfield code="d">Venezia</subfield>
  </datafield>
  <datafield tag="700" ind1=" " ind2="0">
    <subfield code="a">Agostino</subfield>
    <subfield code="c"> : da#Colonna</subfield>
    <subfield code="3">IT\ICCU\CNCA\016314</subfield>
  </datafield>
  <datafield tag="702" ind1=" " ind2="0">
    <subfield code="a">Innocentius</subfield>
    <subfield code="c"> &lt;papa</subfield>
    <subfield code="c"> ; 3.&gt;</subfield>
    <subfield code="3">IT\ICCU\CNCA\007277</subfield>
  </datafield>
  <datafield tag="712" ind1="0" ind2="0">
    <subfield code="a">Rusconi, Giorgio</subfield>
    <subfield code="3">IT\ICCU\CNCT\000072</subfield>
    <subfield code="4">650</subfield>
  </datafield>
  <datafield tag="712" ind1="0" ind2="0">
    <subfield code="a">Zoppino, Niccol ̣&amp; Vincenzo di Paolo</subfield>
    <subfield code="3">IT\ICCU\CNCT\000070</subfield>
    <subfield code="4">650</subfield>
  </datafield>
  <datafield tag="790" ind1=" " ind2="1">
    <subfield code="a">Colonna,</subfield>
    <subfield code="b">Augustino : da</subfield>
    <subfield code="3">IT\ICCU\CNCA\016315</subfield>
    <subfield code="z">Agostino : da#Colonna</subfield>
  </datafield>
  <datafield tag="790" ind1=" " ind2="0">
    <subfield code="a">Lotario</subfield>
    <subfield code="c"> : da#Segni</subfield>
    <subfield code="3">IT\ICCU\CNCA\020100</subfield>
    <subfield code="z">Innocentius &lt;papa ; 3.&gt;</subfield>
  </datafield>
  <datafield tag="791" ind1="0" ind2="0">
    <subfield code="a">Rusconibus, Georgius de</subfield>
    <subfield code="3">IT\ICCU\CNCT\005483</subfield>
    <subfield code="z">Rusconi, Giorgio</subfield>
  </datafield>
  <datafield tag="791" ind1="0" ind2="0">
    <subfield code="a">Rusco, Georgius</subfield>
    <subfield code="3">IT\ICCU\CNCT\005485</subfield>
    <subfield code="z">Rusconi, Giorgio</subfield>
  </datafield>
  <datafield tag="791" ind1="0" ind2="0">
    <subfield code="a">Ruschoni, Zorzi di</subfield>
    <subfield code="3">IT\ICCU\CNCT\005487</subfield>
    <subfield code="z">Rusconi, Giorgio</subfield>
  </datafield>
  <datafield tag="791" ind1="0" ind2="2">
    <subfield code="a">Vincenzo di Paolo</subfield>
    <subfield code="3">IT\ICCU\CNCT\000071</subfield>
    <subfield code="z">Zoppino, Niccol ̣&amp; Vincenzo di Paolo</subfield>
  </datafield>
  <datafield tag="801" ind1=" " ind2="3">
    <subfield code="a">IT</subfield>
    <subfield code="b">ICCU</subfield>
    <subfield code="c">20201115</subfield>
  </datafield>
  <datafield tag="899" ind1=" " ind2=" ">
    <subfield code="a">Biblioteca Apostolica Vaticana. Citt ̉del Vaticano</subfield>
    <subfield code="1">EX0001</subfield>
    <subfield code="2">ZCV 01</subfield>
  </datafield>
  <datafield tag="899" ind1=" " ind2=" ">
    <subfield code="a">British Library. London</subfield>
    <subfield code="1">UK0001</subfield>
  </datafield>
</record>
</collection>
